@article{one,
	title={Authorship attribution with support vector machines},
	author={Diederich, Joachim and Kindermann, J{\"o}rg and Leopold, Edda and
		Paass, Gerhard},
	journal={Applied intelligence},
	volume={19},
	number={1-2},
	pages={109--123},
	year={2003},
	publisher={Springer}
}

@article{two,
  title={Authorship attribution},
  author={Juola, Patrick},
  journal={Foundations and Trends in information Retrieval},
  volume={1},
  number={3},
  pages={233--334},
  year={2006},
  publisher={Now Publishers Inc.}
}
@article{three,
  title={Computational methods in authorship attribution},
  author={Koppel, Moshe and Schler, Jonathan and Argamon, Shlomo},
  journal={Journal of the American Society for information Science and Technology},
  volume={60},
  number={1},
  pages={9--26},
  year={2009},
  publisher={Wiley Online Library}
}
